<?xml version="1.0" encoding="UTF-8"?>
<collection xmlns:xsi="http://www.w3.org/2001/XMLSchema-instance" xsi:schemaLocation="http://www.loc.gov/MARC21/slim http://www.loc.gov/standards/marcxml/schema/MARC21slim.xsd" xmlns="http://www.loc.gov/MARC21/slim">
<record>
  <leader>00819cam a22001931  4500</leader>
  <controlfield tag="001">3080128</controlfield>
  <controlfield tag="003">NNC</controlfield>
  <controlfield tag="005">20151019143207.0</controlfield>
  <controlfield tag="008">010906s1930    ua            000 0 ara d</controlfield>
  <datafield tag="035" ind1=" " ind2=" ">
    <subfield code="a">(OCoLC)ocm47918111</subfield>
  </datafield>
  <datafield tag="035" ind1=" " ind2=" ">
    <subfield code="9">ATQ5192CU</subfield>
  </datafield>
  <datafield tag="035" ind1=" " ind2=" ">
    <subfield code="a">(NNC)3080128</subfield>
  </datafield>
  <datafield tag="040" ind1=" " ind2=" ">
    <subfield code="a">ZCU</subfield>
    <subfield code="c">ZCU</subfield>
  </datafield>
  <datafield tag="099" ind1=" " ind2=" ">
    <subfield code="a">893.791</subfield>
    <subfield code="a">Q28</subfield>
  </datafield>
  <datafield tag="100" ind1="1" ind2=" ">
    <subfield code="a">Ibn ʻAẓẓūm, ʻAbd al-Jalīl ibn Muḥammad,</subfield>
    <subfield code="d">-1552 or 1553.</subfield>
  </datafield>
  <datafield tag="245" ind1="1" ind2="0">
    <subfield code="a">Tanbīh al-anām fī bayān ʻulūw maqām nabīyinā Muḥammad ʻalayhi al-ṣalāt wa-al-salām;</subfield>
    <subfield code="b">wa [=aw], Shifāʾ al-asqām wa maḥw al-āthām fī al-ṣalāt ʻalā khayr al-anām.</subfield>
    <subfield code="c">Taʾlīf Sīdī ʻAbd-al-Jalīl ibn ʻAẓẓūm al-Maghribī al-Qayrawānī.</subfield>
  </datafield>
  <datafield tag="260" ind1=" " ind2=" ">
    <subfield code="a">al-Qāhirah,</subfield>
    <subfield code="b">al-Maktabah al-Tijārīyah al-Kubrā</subfield>
    <subfield code="c">[1930?]</subfield>
  </datafield>
  <datafield tag="300" ind1=" " ind2=" ">
    <subfield code="a">2 v. in 1.</subfield>
  </datafield>
  <datafield tag="955" ind1=" " ind2=" ">
    <subfield code="b">CU58895434</subfield>
    <subfield code="d">off,glx</subfield>
    <subfield code="e">893.791 Q28</subfield>
  </datafield>
</record>
</collection>